<record><leader>00000cas a22000007a 4500</leader><controlfield tag="001">13224107</controlfield><controlfield tag="008">860303d19782000wiuwr ne      0    0eng d</controlfield><datafield ind1=" " ind2=" " tag="010"><subfield code="a">sn 86086341 </subfield></datafield><datafield ind1=" " ind2=" " tag="040"><subfield code="a">NPV</subfield><subfield code="b">eng</subfield><subfield code="c">NPV</subfield><subfield code="d">OCLCQ</subfield><subfield code="d">GZM</subfield><subfield code="d">OCLCF</subfield></datafield><datafield ind1="1" ind2=" " tag="029"><subfield code="a">AU@</subfield><subfield code="b">000025827273</subfield></datafield><datafield ind1=" " ind2=" " tag="032"><subfield code="a">382060</subfield><subfield code="b">USPS</subfield></datafield><datafield ind1=" " ind2=" " tag="042"><subfield code="a">msc</subfield></datafield><datafield ind1=" " ind2=" " tag="045"><subfield code="a">x7--</subfield></datafield><datafield ind1=" " ind2=" " tag="052"><subfield code="a">4123</subfield><subfield code="b">S2</subfield></datafield><datafield ind1="0" ind2=" " tag="130"><subfield code="a">News (New Richmond, Wis.)</subfield></datafield><datafield ind1="1" ind2="4" tag="245"><subfield code="a">The news.</subfield></datafield><datafield ind1=" " ind2=" " tag="260"><subfield code="a">New Richmond, Wis. :</subfield><subfield code="b">R.L. Bradford,</subfield><subfield code="c">1978-2000.</subfield></datafield><datafield ind1=" " ind2=" " tag="300"><subfield code="a">volumes :</subfield><subfield code="b">illustrations</subfield></datafield><datafield ind1=" " ind2=" " tag="310"><subfield code="a">Weekly</subfield></datafield><datafield ind1=" " ind2=" " tag="336"><subfield code="a">text</subfield><subfield code="b">txt</subfield><subfield code="2">rdacontent</subfield></datafield><datafield ind1=" " ind2=" " tag="337"><subfield code="a">unmediated</subfield><subfield code="b">n</subfield><subfield code="2">rdamedia</subfield></datafield><datafield ind1=" " ind2=" " tag="338"><subfield code="a">volume</subfield><subfield code="b">nc</subfield><subfield code="2">rdacarrier</subfield></datafield><datafield ind1="0" ind2=" " tag="362"><subfield code="a">Vol. 109, no. 23 (Feb. 9, 1978)-133rd year, no. 20 (Dec. 21, 2000).</subfield></datafield><datafield ind1=" " ind2=" " tag="500"><subfield code="a">Publisher varies.</subfield></datafield><datafield ind1=" " ind2=" " tag="500"><subfield code="a">Editors: M.R. Jensen, Jan. 7-April 15, 1982; D.S. Acheson, April 22, 1982-</subfield></datafield><datafield ind1=" " ind2="0" tag="651"><subfield code="a">New Richmond (Wis.)</subfield><subfield code="v">Newspapers.</subfield></datafield><datafield ind1=" " ind2="7" tag="655"><subfield code="a">Newspapers.</subfield><subfield code="2">fast</subfield><subfield code="0">(OCoLC)fst01423814</subfield></datafield><datafield ind1=" " ind2="7" tag="651"><subfield code="a">Wisconsin</subfield><subfield code="z">New Richmond.</subfield><subfield code="2">fast</subfield><subfield code="0">(OCoLC)fst01222702</subfield></datafield><datafield ind1=" " ind2=" " tag="752"><subfield code="a">United States</subfield><subfield code="b">Wisconsin</subfield><subfield code="c">Saint Croix</subfield><subfield code="d">New Richmond.</subfield></datafield><datafield ind1="0" ind2="0" tag="780"><subfield code="t">New Richmond news (New Richmond, Wis. : 1924)</subfield><subfield code="w">(DLC)sn 86086340</subfield><subfield code="w">(OCoLC)13224050</subfield></datafield><datafield ind1="0" ind2="0" tag="785"><subfield code="a">New Richmond news (New Richmond, Wis. : 2000)</subfield><subfield code="w">(OCoLC)457044632</subfield></datafield></record>